@ARTICLE{bib1,
  author = {Фамилия, И. О.},
  title = {Название статьи},
  journal = {Журнал},
  year = {2012},
  volume = {1},
  pages = {100},
  language = {russian},
}

@CONFERENCE{radioElect,
	author = {Фальк, В. Н. and Ефанов, А. А.},
	title = {Релизация графического редактора для системы моделирования динамических вычислительных сетей},
	booktitle = {Сборник докладов 23-ей Международной научно-технической конференции студентов и аспирантов по радиоэлектронике, электротехники и энергетике},
	volume = {1},
	year = {2017},
	language = {russian},
}
